<record xmlns='http://www.loc.gov/MARC21/slim'><leader>00771cim a2200241   4500</leader><controlfield tag='001'>1299748</controlfield><controlfield tag='005'>20151205164853.0</controlfield><controlfield tag='007'>ss|km|bmb||||</controlfield><controlfield tag='008'>770930s1975    nyu|||   |     l    eng d</controlfield><datafield ind1=' ' ind2=' ' tag='035'><subfield code='a'>(CStRLIN)NYCX3306995R</subfield></datafield><datafield ind1=' ' ind2=' ' tag='035'><subfield code='a'>(NIC)notisAGA1277</subfield></datafield><datafield ind1=' ' ind2=' ' tag='035'><subfield code='a'>(OCoLC)3306995</subfield></datafield><datafield ind1=' ' ind2=' ' tag='035'><subfield code='a'>1299748</subfield></datafield><datafield ind1=' ' ind2=' ' tag='040'><subfield code='a'>NIC</subfield><subfield code='c'>NIC</subfield><subfield code='d'>CStRLIN</subfield></datafield><datafield ind1=' ' ind2=' ' tag='045'><subfield code='a'>x7x7</subfield></datafield><datafield ind1='1' ind2=' ' tag='100'><subfield code='a'>Hoffa, James R.</subfield><subfield code='q'>(James Riddle),</subfield><subfield code='d'>1913-</subfield></datafield><datafield ind1='1' ind2='0' tag='245'><subfield code='a'>Prison reform.</subfield><subfield code='h'>[Sound recording]</subfield></datafield><datafield ind1=' ' ind2=' ' tag='300'><subfield code='a'>1 reel. 1/2 track. mono.</subfield></datafield><datafield ind1=' ' ind2=' ' tag='500'><subfield code='a'>Sponsored by the Cornell Chapter of the National Association for Justice.</subfield></datafield><datafield ind1=' ' ind2=' ' tag='500'><subfield code='a'>Duration: 40 minutes.</subfield></datafield><datafield ind1=' ' ind2=' ' tag='518'><subfield code='a'>Recorded at Ives Hall, April 8, 1975.</subfield></datafield><datafield ind1='1' ind2=' ' tag='710'><subfield code='a'>National Association for Justice.</subfield><subfield code='b'>Cornell Chapter.</subfield><subfield code='4'>prf</subfield></datafield><datafield ind1=' ' ind2=' ' tag='905'><subfield code='a'>19330303120000.0</subfield></datafield></record>